@article{chu1998nobel,
  Title		={Nobel Lecture: The manipulation of neutral particles},
  Author	={Chu, Steven},
  Journal	={Reviews of Modern Physics},
  Volume	={70},
  Number	={3},
  Pages		={685},
  Year		={1998},
  publisher	={APS},
  Address   = {},
  Month		= {},
  Note		= {},
  Owner		= {},
  Timestamp	= {}
}

@article{cohen1998nobel,
	title={Nobel Lecture: Manipulating atoms with photons},
	author={Cohen-Tannoudji, Claude N},
	journal={Reviews of Modern Physics},
	volume={70},
	number={3},
	pages={707},
	year={1998},
	publisher={APS}
}

@article{phillips1998nobel,
	title={Nobel Lecture: Laser cooling and trapping of neutral atoms},
	author={Phillips, William D},
	journal={Reviews of Modern Physics},
	volume={70},
	number={3},
	pages={721},
	year={1998},
	publisher={APS}
}

@article{cornell2002nobel,
	title={Nobel Lecture: Bose-Einstein condensation in a dilute gas, the first 70 years and some recent experiments},
	author={Cornell, Eric A and Wieman, Carl E},
	journal={Reviews of Modern Physics},
	volume={74},
	number={3},
	pages={875},
	year={2002},
	publisher={APS}
}

@article{ketterle2002nobel,
	title={Nobel lecture: When atoms behave as waves: Bose-Einstein condensation and the atom laser},
	author={Ketterle, Wolfgang},
	journal={Reviews of Modern Physics},
	volume={74},
	number={4},
	pages={1131},
	year={2002},
	publisher={APS}
}

@article{bongs2019taking,
	title={Taking atom interferometric quantum sensors from the laboratory to real-world applications},
	author={Bongs, Kai and Holynski, Michael and Vovrosh, Jamie and Bouyer, Philippe and Condon, Gabriel and Rasel, Ernst and Schubert, Christian and Schleich, Wolfgang P and Roura, Albert},
	journal={Nature Reviews Physics},
	volume={1},
	number={12},
	pages={731--739},
	year={2019},
	publisher={Nature Publishing Group}
}

@article{ludlow2015optical,
	title={Optical atomic clocks},
	author={Ludlow, Andrew D and Boyd, Martin M and Ye, Jun and Peik, Ekkehard and Schmidt, Piet O},
	journal={Reviews of Modern Physics},
	volume={87},
	number={2},
	pages={637},
	year={2015},
	publisher={APS}
}

@article{schneider2012quantum,
	title={Quantum computation with ultracold atoms in a driven optical lattice},
	author={Schneider, Philipp-Immanuel and Saenz, Alejandro},
	journal={Physical Review A},
	volume={85},
	number={5},
	pages={050304},
	year={2012},
	publisher={APS}
}

@article{zhang2016precision,
	title={Precision measurement and frequency metrology with ultracold atoms},
	author={Zhang, Xibo and Ye, Jun},
	journal={National Science Review},
	volume={3},
	number={2},
	pages={189--200},
	year={2016},
	publisher={Oxford University Press}
}

@article{metcalf2007laser,
	title={Laser cooling and trapping of neutral atoms},
	author={Metcalf, Harold J and Van der Straten, Peter},
	journal={The Optics Encyclopedia: Basic Foundations and Practical Applications},
	year={2007},
	publisher={Wiley Online Library}
}

@article{dalfovo1999theory,
	title={Theory of Bose-Einstein condensation in trapped gases},
	author={Dalfovo, Franco and Giorgini, Stefano and Pitaevskii, Lev P and Stringari, Sandro},
	journal={Reviews of modern physics},
	volume={71},
	number={3},
	pages={463},
	year={1999},
	publisher={APS}
}

@article{krzysztof2010magneto,
	title={Magneto-optical trap: fundamentals and realization},
	author={Krzysztof, Kowalski and Xuan, Khoa Dinh and Ma{\l}gorzata, G{\l}{\'o}d{\'z} and Huy, Bang Nguyen and Jerzy, Szonert and others},
	journal={CMST},
	number={2},
	pages={115--129},
	year={2010},
	publisher={PSNC, Poznan Supercomputing and Networking Center}
}

@article{loftus2004narrow,
	title={Narrow line cooling and momentum-space crystals},
	author={Loftus, Thomas H and Ido, Tetsuya and Boyd, Martin M and Ludlow, Andrew D and Ye, Jun},
	journal={Physical Review A},
	volume={70},
	number={6},
	pages={063413},
	year={2004},
	publisher={APS}
}

@book{foot2005atomic,
	title={Atomic physics},
	author={Foot, Christopher J and others},
	volume={7},
	year={2005},
	publisher={Oxford University Press}
}

@article{hanley2018quantitative,
	title={Quantitative simulation of a magneto-optical trap operating near the photon recoil limit},
	author={Hanley, Ryan K and Huillery, Paul and Keegan, Niamh C and Bounds, Alistair D and Boddy, Danielle and Faoro, Riccardo and Jones, Matthew PA},
	journal={Journal of Modern Optics},
	volume={65},
	number={5-6},
	pages={667--676},
	year={2018},
	publisher={Taylor \& Francis}
}

@article{barry2014magneto,
	title={Magneto-optical trapping of a diatomic molecule},
	author={Barry, JF and McCarron, DJ and Norrgard, EB and Steinecker, MH and DeMille, D},
	journal={Nature},
	volume={512},
	number={7514},
	pages={286--289},
	year={2014},
	publisher={Nature Publishing Group}
}

@article{dreon2017optical,
	title={Optical cooling and trapping of highly magnetic atoms: the benefits of a spontaneous spin polarization},
	author={Dreon, Davide and Sidorenkov, Leonid A and Bouazza, Chayma and Maineult, Wilfried and Dalibard, Jean and Nascimbene, Sylvain},
	journal={Journal of Physics B: Atomic, Molecular and Optical Physics},
	volume={50},
	number={6},
	pages={065005},
	year={2017},
	publisher={IOP Publishing}
}

@article{hensler2003dipolar,
	title={Dipolar relaxation in an ultra-cold gas of magnetically trapped chromium atoms},
	author={Hensler, S and Werner, J and Griesmaier, A and Schmidt, PO and G{\"o}rlitz, A and Pfau, T and Giovanazzi, S and Rza{\.z}ewski, K},
	journal={Applied Physics B},
	volume={77},
	number={8},
	pages={765--772},
	year={2003},
	publisher={Springer}
}

@article{ilzhofer2018two,
	title={Two-species five-beam magneto-optical trap for erbium and dysprosium},
	author={Ilzh{\"o}fer, P and Durastante, G and Patscheider, A and Trautmann, A and Mark, MJ and Ferlaino, F},
	journal={Physical Review A},
	volume={97},
	number={2},
	pages={023633},
	year={2018},
	publisher={APS}
}

@article{peters2001high,
  title={High-precision gravity measurements using atom interferometry},
  author={Peters, Achim and Chung, Keng Yeow and Chu, Steven},
  journal={Metrologia},
  volume={38},
  number={1},
  pages={25},
  year={2001},
  publisher={IOP Publishing}
}

@article{mukamel2020roadmap,
  title={Roadmap on quantum light spectroscopy},
  author={Mukamel, Shaul and Freyberger, Matthias and Schleich, Wolfgang and Bellini, Marco and Zavatta, Alessandro and Leuchs, Gerd and Silberhorn, Christine and Boyd, Robert W and S{\'a}nchez-Soto, Luis Lorenzo and Stefanov, Andr{\'e} and others},
  journal={Journal of Physics B: Atomic, Molecular and Optical Physics},
  volume={53},
  number={7},
  pages={072002},
  year={2020},
  publisher={IOP Publishing}
}

@book{weiner2003light,
  title={Light-matter interaction: fundamentals and applications},
  author={Weiner, John and Ho, Ping-Tong and Dee, Kay C},
  volume={1},
  year={2003},
  publisher={Wiley Online Library}
}

@article{loo2003investigations,
  title={Investigations of a two-level atom in a magneto-optical trap using magnesium},
  author={Loo, FY and Brusch, A and Sauge, Sebastien and Allegrini, M and Arimondo, E and Andersen, N and Thomsen, JW},
  journal={Journal of Optics B: Quantum and Semiclassical Optics},
  volume={6},
  number={1},
  pages={81},
  year={2003},
  publisher={IOP Publishing}
}

@article{brasil2013simple,
  title={A simple derivation of the Lindblad equation},
  author={Brasil, Carlos Alexandre and Fanchini, Felipe Fernandes and Napolitano, Reginaldo de Jesus},
  journal={Revista Brasileira de Ensino de F{\'\i}sica},
  volume={35},
  number={1},
  pages={01--09},
  year={2013},
  publisher={SciELO Brasil}
}

@article{torrey1949transient,
  title={Transient nutations in nuclear magnetic resonance},
  author={Torrey, HC},
  journal={Physical Review},
  volume={76},
  number={8},
  pages={1059},
  year={1949},
  publisher={APS}
}

@article{steck2007quantum,
  title={Quantum and atom optics},
  author={Steck, Daniel A},
  year={2007}
}

@article{rivero2021progress,
  title={Progress towards a continuously operating matter wave interferometer for inertial sensing},
  author={Rivero, Dalila and Silva, Camila Beli and Armijo, Michelle Alejandra Moreno and Ke{\ss}ler, Hans and da Silva, Henrique Felix and Comito, Gabriela and Shiozaki, Rodrigo and Teixeira, Raul Celistrino and Courteille, Philippe Wilhelm},
  journal={arXiv preprint arXiv:2108.13516},
  year={2021}
}

@misc{griffiths2005introduction,
  title={Introduction to electrodynamics},
  author={Griffiths, David J},
  year={2005},
  publisher={American Association of Physics Teachers}
}

@article{fuhrmanek2010imaging,
  title={Imaging a single atom in a time-of-flight experiment},
  author={Fuhrmanek, Andreas and Lance, Andrew Matheson and Tuchendler, Charles and Grangier, Philippe and Sortais, Yvan RP and Browaeys, Antoine},
  journal={New Journal of Physics},
  volume={12},
  number={5},
  pages={053028},
  year={2010},
  publisher={IOP Publishing}
}

@article{bucker2009single,
  title={Single-particle-sensitive imaging of freely propagating ultracold atoms},
  author={B{\"u}cker, Robert and Perrin, Aur{\'e}lien and Manz, Stephanie and Betz, Thomas and Koller, Ch and Plisson, Thomas and Rottmann, J{\"o}rg and Schumm, Thorsten and Schmiedmayer, J{\"o}rg},
  journal={New Journal of Physics},
  volume={11},
  number={10},
  pages={103039},
  year={2009},
  publisher={IOP Publishing}
}

@article{kuhr2001deterministic,
  title={Deterministic delivery of a single atom},
  author={Kuhr, Stefan and Alt, Wolfgang and Schrader, Dominik and Muller, Martin and Gomer, Victor and Meschede, Dieter},
  journal={Science},
  volume={293},
  number={5528},
  pages={278--280},
  year={2001},
  publisher={American Association for the Advancement of Science}
}

@article{reinaudi2007strong,
  title={Strong saturation absorption imaging of dense clouds of ultracold atoms},
  author={Reinaudi, G and Lahaye, T and Wang, Z and Gu{\'e}ry-Odelin, D},
  journal={Optics letters},
  volume={32},
  number={21},
  pages={3143--3145},
  year={2007},
  publisher={Optical Society of America}
}

@article{valverde2016mecanismos,
  title={Mecanismos de alargamento de linhas espectrais at{\^o}micas},
  author={Valverde, C and Baseia, B and Bagnato, VS},
  journal={Revista Brasileira de Ensino de F{\'\i}sica},
  volume={38},
  year={2016},
  publisher={SciELO Brasil}
}

@article{smith2011absorption,
  title={Absorption imaging of ultracold atoms on atom chips},
  author={Smith, David A and Aigner, Simon and Hofferberth, Sebastian and Gring, Michael and Andersson, Mauritz and Wildermuth, Stefan and Kr{\"u}ger, Peter and Schneider, Stephan and Schumm, Thorsten and Schmiedmayer, J{\"o}rg},
  journal={Optics express},
  volume={19},
  number={9},
  pages={8471--8485},
  year={2011},
  publisher={Optical Society of America}
}

@article{shu2004absorption,
  title={Absorption spectroscopy of cold caesium atoms confined in a magneto-optical trap},
  author={Shu-Bin, Yan and Tao, Liu and Tao, Geng and Tian-Cai, Zhang and Kun-Chi, Peng and Jun-Min, Wang},
  journal={Chinese Physics},
  volume={13},
  number={10},
  pages={1669},
  year={2004},
  publisher={IOP Publishing}
}

@article{hunt2021interpreting,
  title={Interpreting the Wigner--Eckart Theorem},
  author={Hunt, Josh},
  journal={Studies in History and Philosophy of Science Part A},
  volume={87},
  pages={28--43},
  year={2021},
  publisher={Elsevier}
}

@article{krzysztof2010magneto,
  title={Magneto-optical trap: fundamentals and realization},
  author={Krzysztof, Kowalski and Xuan, Khoa Dinh and Ma{\l}gorzata, G{\l}{\'o}d{\'z} and Huy, Bang Nguyen and Jerzy, Szonert and others},
  journal={CMST},
  number={2},
  pages={115--129},
  year={2010},
  publisher={PSNC, Poznan Supercomputing and Networking Center}
}

@article{perrin2014doppler,
  title={Doppler cooling and magneto-optical trapping},
  author={Perrin, Helene},
  journal={Part of the Les Houches lectures on laser cooling and trapping},
  year={2014}
}

@article{frisch2012narrow,
  title={Narrow-line magneto-optical trap for erbium},
  author={Frisch, A and Aikawa, K and Mark, M and Rietzler, A and Schindler, J and Zupani{\v{c}}, Erik and Grimm, R and Ferlaino, F},
  journal={Physical Review A},
  volume={85},
  number={5},
  pages={051401},
  year={2012},
  publisher={APS}
}

@article{maier2014narrow,
  title={Narrow-line magneto-optical trap for dysprosium atoms},
  author={Maier, T and Kadau, H and Schmitt, M and Griesmaier, A and Pfau, T},
  journal={Optics letters},
  volume={39},
  number={11},
  pages={3138--3141},
  year={2014},
  publisher={Optical Society of America}
}

@article{miyazawa2021narrow,
  title={Narrow-line magneto-optical trap for europium},
  author={Miyazawa, Yuki and Inoue, Ryotaro and Matsui, Hiroki and Takanashi, Kenta and Kozuma, Mikio},
  journal={Physical Review A},
  volume={103},
  number={5},
  pages={053122},
  year={2021},
  publisher={APS}
}

@article{raab1987trapping,
  title={Trapping of neutral sodium atoms with radiation pressure},
  author={Raab, Eric L and Prentiss, Mara and Cable, Alex and Chu, Steven and Pritchard, David E},
  journal={Physical review letters},
  volume={59},
  number={23},
  pages={2631},
  year={1987},
  publisher={APS}
}

@article{katori1999magneto,
  title={Magneto-optical trapping and cooling of strontium atoms down to the photon recoil temperature},
  author={Katori, Hidetoshi and Ido, Tetsuya and Isoya, Yoshitomo and Kuwata-Gonokami, Makoto},
  journal={Physical Review Letters},
  volume={82},
  number={6},
  pages={1116},
  year={1999},
  publisher={APS}
}

@article{zachorowski1998magneto,
  title={Magneto-optical trap for rubidium atoms},
  author={Zachorowski, Jerzy and Palasz, Tadeusz and Gawlik, Wojciech},
  journal={Optica Applicata},
  volume={28},
  pages={239--248},
  year={1998},
  publisher={SPIE-THE INT SOC FOR OPTICAL ENGINEERING}
}

@article{prudnikov2015three,
  title={Three-dimensional theory of the magneto-optical trap},
  author={Prudnikov, ON and Taichenachev, AV and Yudin, VI},
  journal={Journal of Experimental and Theoretical Physics},
  volume={120},
  number={4},
  pages={587--594},
  year={2015},
  publisher={Springer}
}

@article{metcalf2007laser,
  title={Laser cooling and trapping of neutral atoms},
  author={Metcalf, Harold J and Van der Straten, Peter},
  journal={The Optics Encyclopedia: Basic Foundations and Practical Applications},
  year={2007},
  publisher={Wiley Online Library}
}

@article{balykin2000electromagnetic,
  title={Electromagnetic trapping of cold atoms},
  author={Balykin, VI and Minogin, VG and Letokhov, VS},
  journal={Reports on Progress in Physics},
  volume={63},
  number={9},
  pages={1429},
  year={2000},
  publisher={IOP Publishing}
}

@article{lett1988observation,
  title={Observation of atoms laser cooled below the Doppler limit},
  author={Lett, Paul D and Watts, Richard N and Westbrook, Christoph I and Phillips, William D and Gould, Phillip L and Metcalf, Harold J},
  journal={Physical review letters},
  volume={61},
  number={2},
  pages={169},
  year={1988},
  publisher={APS}
}

@article{gattobigio2010scaling,
  title={Scaling laws for large magneto-optical traps},
  author={Gattobigio, GL and Pohl, T and Labeyrie, G and Kaiser, R},
  journal={Physica Scripta},
  volume={81},
  number={2},
  pages={025301},
  year={2010},
  publisher={IOP Publishing}
}

@article{chaudhuri2006realization,
  title={Realization of an intense cold Rb atomic beam based on a two-dimensional magneto-optical trap: Experiments and comparison with simulations},
  author={Chaudhuri, Saptarishi and Roy, Sanjukta and Unnikrishnan, CS},
  journal={Physical Review A},
  volume={74},
  number={2},
  pages={023406},
  year={2006},
  publisher={APS}
}

@article{atutov2001sodium,
  title={Sodium MOT collection efficiency as a function of the trapping and repumping laser frequencies and intensities},
  author={Atutov, SN and Biancalana, V and Burchianti, A and Calabrese, R and Gozzini, S and Guidi, V and Lenisa, P and Marinelli, C and Mariotti, E and Moi, L and others},
  journal={The European Physical Journal D-Atomic, Molecular, Optical and Plasma Physics},
  volume={13},
  number={1},
  pages={71--82},
  year={2001},
  publisher={Springer}
}

@book{berman2011principles,
  title={Principles of laser spectroscopy and quantum optics},
  author={Berman, Paul R and Malinovsky, Vladimir S},
  year={2011},
  publisher={Princeton University Press}
}

@article{choi2008three,
  title={Three-dimensional analysis of the magneto-optical trap for (1+ 3)-level atoms},
  author={Choi, Sang-Kyung and Park, Sang Eon and Chen, Jingbiao and Minogin, Vladimir G},
  journal={Physical Review A},
  volume={77},
  number={1},
  pages={015405},
  year={2008},
  publisher={APS}
}

@article{PhysRevA.49.4864,
  title = {Three-dimensional theory of the magneto-optical trap: Doppler cooling in the low-intensity limit},
  author = {Gajda, Mariusz and Mostowski, Jan},
  journal = {Phys. Rev. A},
  volume = {49},
  issue = {6},
  pages = {4864--4875},
  numpages = {0},
  year = {1994},
  month = {Jun},
  publisher = {American Physical Society},
  doi = {10.1103/PhysRevA.49.4864},
  url = {https://link.aps.org/doi/10.1103/PhysRevA.49.4864}
}

@article{PhysRevA.90.063404,
  title = {Scaling behavior of a very large magneto-optical trap},
  author = {Camara, A. and Kaiser, R. and Labeyrie, G.},
  journal = {Phys. Rev. A},
  volume = {90},
  issue = {6},
  pages = {063404},
  numpages = {8},
  year = {2014},
  month = {Dec},
  publisher = {American Physical Society},
  doi = {10.1103/PhysRevA.90.063404},
  url = {https://link.aps.org/doi/10.1103/PhysRevA.90.063404}
}

@misc{nMOT_sim,
  author = {Santos, B.N.},
  title = {Monte Carlo simulation of narrow-line Magneto-Optical Traps},
  year = {2023},
  publisher = {GitHub},
  journal = {GitHub repository},
  howpublished = {\url{https://github.com/nicolaubruno/mot_simulation}},
}

@article{courteille2019atom,
  title={Atom-Light Interaction and Basic Applications},
  author={Courteille, Ph W},
  year={2019}
}

@book{wasserman2004all,
  title={All of statistics: a concise course in statistical inference},
  author={Wasserman, Larry},
  volume={26},
  year={2004},
  publisher={Springer}
}

@phdthesis{dreon2017designing,
  title={Designing and building an ultracold Dysprosium experiment: a new framework for light-spin interaction},
  author={Dreon, Davide},
  year={2017},
  school={Paris Sciences et Lettres (ComUE)}
}

@article{lu2011strongly,
  title={Strongly dipolar Bose-Einstein condensate of dysprosium},
  author={Lu, Mingwu and Burdick, Nathaniel Q and Youn, Seo Ho and Lev, Benjamin L},
  journal={Physical review letters},
  volume={107},
  number={19},
  pages={190401},
  year={2011},
  publisher={APS}
}

@article{aikawa2012bose,
  title={Bose-Einstein condensation of erbium},
  author={Aikawa, K and Frisch, A and Mark, M and Baier, S and Rietzler, A and Grimm, R and Ferlaino, F},
  journal={Physical review letters},
  volume={108},
  number={21},
  pages={210401},
  year={2012},
  publisher={APS}
}
