@article{chu1998nobel,
  Title		={Nobel Lecture: The manipulation of neutral particles},
  Author	={Chu, Steven},
  Journal	={Reviews of Modern Physics},
  Volume	={70},
  Number	={3},
  Pages		={685},
  Year		={1998},
  publisher	={APS},
  Address   = {},
  Month		= {},
  Note		= {},
  Owner		= {},
  Timestamp	= {}
}

@article{cohen1998nobel,
	title={Nobel Lecture: Manipulating atoms with photons},
	author={Cohen-Tannoudji, Claude N},
	journal={Reviews of Modern Physics},
	volume={70},
	number={3},
	pages={707},
	year={1998},
	publisher={APS}
}

@article{phillips1998nobel,
	title={Nobel Lecture: Laser cooling and trapping of neutral atoms},
	author={Phillips, William D},
	journal={Reviews of Modern Physics},
	volume={70},
	number={3},
	pages={721},
	year={1998},
	publisher={APS}
}

@article{cornell2002nobel,
	title={Nobel Lecture: Bose-Einstein condensation in a dilute gas, the first 70 years and some recent experiments},
	author={Cornell, Eric A and Wieman, Carl E},
	journal={Reviews of Modern Physics},
	volume={74},
	number={3},
	pages={875},
	year={2002},
	publisher={APS}
}

@article{ketterle2002nobel,
	title={Nobel lecture: When atoms behave as waves: Bose-Einstein condensation and the atom laser},
	author={Ketterle, Wolfgang},
	journal={Reviews of Modern Physics},
	volume={74},
	number={4},
	pages={1131},
	year={2002},
	publisher={APS}
}

@article{bongs2019taking,
	title={Taking atom interferometric quantum sensors from the laboratory to real-world applications},
	author={Bongs, Kai and Holynski, Michael and Vovrosh, Jamie and Bouyer, Philippe and Condon, Gabriel and Rasel, Ernst and Schubert, Christian and Schleich, Wolfgang P and Roura, Albert},
	journal={Nature Reviews Physics},
	volume={1},
	number={12},
	pages={731--739},
	year={2019},
	publisher={Nature Publishing Group}
}

@article{ludlow2015optical,
	title={Optical atomic clocks},
	author={Ludlow, Andrew D and Boyd, Martin M and Ye, Jun and Peik, Ekkehard and Schmidt, Piet O},
	journal={Reviews of Modern Physics},
	volume={87},
	number={2},
	pages={637},
	year={2015},
	publisher={APS}
}

@article{schneider2012quantum,
	title={Quantum computation with ultracold atoms in a driven optical lattice},
	author={Schneider, Philipp-Immanuel and Saenz, Alejandro},
	journal={Physical Review A},
	volume={85},
	number={5},
	pages={050304},
	year={2012},
	publisher={APS}
}

@article{zhang2016precision,
	title={Precision measurement and frequency metrology with ultracold atoms},
	author={Zhang, Xibo and Ye, Jun},
	journal={National Science Review},
	volume={3},
	number={2},
	pages={189--200},
	year={2016},
	publisher={Oxford University Press}
}

@article{metcalf2007laser,
	title={Laser cooling and trapping of neutral atoms},
	author={Metcalf, Harold J and Van der Straten, Peter},
	journal={The Optics Encyclopedia: Basic Foundations and Practical Applications},
	year={2007},
	publisher={Wiley Online Library}
}

@article{dalfovo1999theory,
	title={Theory of Bose-Einstein condensation in trapped gases},
	author={Dalfovo, Franco and Giorgini, Stefano and Pitaevskii, Lev P and Stringari, Sandro},
	journal={Reviews of modern physics},
	volume={71},
	number={3},
	pages={463},
	year={1999},
	publisher={APS}
}

@article{krzysztof2010magneto,
	title={Magneto-optical trap: fundamentals and realization},
	author={Krzysztof, Kowalski and Xuan, Khoa Dinh and Ma{\l}gorzata, G{\l}{\'o}d{\'z} and Huy, Bang Nguyen and Jerzy, Szonert and others},
	journal={CMST},
	number={2},
	pages={115--129},
	year={2010},
	publisher={PSNC, Poznan Supercomputing and Networking Center}
}

@article{loftus2004narrow,
	title={Narrow line cooling and momentum-space crystals},
	author={Loftus, Thomas H and Ido, Tetsuya and Boyd, Martin M and Ludlow, Andrew D and Ye, Jun},
	journal={Physical Review A},
	volume={70},
	number={6},
	pages={063413},
	year={2004},
	publisher={APS}
}

@book{foot2005atomic,
	title={Atomic physics},
	author={Foot, Christopher J and others},
	volume={7},
	year={2005},
	publisher={Oxford University Press}
}

@article{hanley2018quantitative,
	title={Quantitative simulation of a magneto-optical trap operating near the photon recoil limit},
	author={Hanley, Ryan K and Huillery, Paul and Keegan, Niamh C and Bounds, Alistair D and Boddy, Danielle and Faoro, Riccardo and Jones, Matthew PA},
	journal={Journal of Modern Optics},
	volume={65},
	number={5-6},
	pages={667--676},
	year={2018},
	publisher={Taylor \& Francis}
}

@article{barry2014magneto,
	title={Magneto-optical trapping of a diatomic molecule},
	author={Barry, JF and McCarron, DJ and Norrgard, EB and Steinecker, MH and DeMille, D},
	journal={Nature},
	volume={512},
	number={7514},
	pages={286--289},
	year={2014},
	publisher={Nature Publishing Group}
}